<collection xmlns="http://www.loc.gov/MARC21/slim">
<record>
  <leader>01823nam0a2200301 i 450 </leader>
  <controlfield tag="001">IT\ICCU\CNCE\037311</controlfield>
  <controlfield tag="005">20060911000000.0</controlfield>
  <datafield tag="012" ind1=" " ind2=" ">
    <subfield code="a">isi- eiei ri,&amp; coru (3) 1544 (R)</subfield>
    <subfield code="2">fei</subfield>
  </datafield>
  <datafield tag="100" ind1=" " ind2=" ">
    <subfield code="a">19980909d1544        0itac0103    ba</subfield>
  </datafield>
  <datafield tag="101" ind1=" " ind2=" ">
    <subfield code="a">LAT</subfield>
  </datafield>
  <datafield tag="102" ind1=" " ind2=" ">
    <subfield code="a">IT</subfield>
  </datafield>
  <datafield tag="200" ind1="1" ind2=" ">
    <subfield code="a">De sanandis totius humani corporis eiusdemque partium tam internis quam externis malis libri V accurata diligentia conscripti, &amp; nunc primum in lucem editi, Leonhardo Fuchsio medico auctore. Obiter etiam in nuncupatoria epistola impudentissimum plagium Gualtheri Riffi Argentoracensis detegitur. Accessit quoque rerum et uerborum index locupletissimus</subfield>
  </datafield>
  <datafield tag="210" ind1=" " ind2=" ">
    <subfield code="a">Venetiis</subfield>
    <subfield code="c">\Giovanni Farri e fratelli!</subfield>
    <subfield code="c">apud Andream Arriuabenum ad signum Putei</subfield>
    <subfield code="d">1544</subfield>
    <subfield code="e">Venetiis</subfield>
    <subfield code="g">ex officina Farrea</subfield>
    <subfield code="h">1543</subfield>
  </datafield>
  <datafield tag="215" ind1=" " ind2=" ">
    <subfield code="a">\24!, 487, \1! p.</subfield>
    <subfield code="d">8ʻ</subfield>
  </datafield>
  <datafield tag="620" ind1=" " ind2=" ">
    <subfield code="a">IT</subfield>
    <subfield code="d">Venezia</subfield>
  </datafield>
  <datafield tag="700" ind1=" " ind2="1">
    <subfield code="a">Fuchs,</subfield>
    <subfield code="b">Leonhard</subfield>
    <subfield code="3">IT\ICCU\CNCA\005599</subfield>
  </datafield>
  <datafield tag="712" ind1="0" ind2="0">
    <subfield code="a">Arrivabene, Andrea</subfield>
    <subfield code="3">IT\ICCU\CNCT\000103</subfield>
    <subfield code="4">650</subfield>
  </datafield>
  <datafield tag="712" ind1="0" ind2="0">
    <subfield code="a">Farri, Giovanni &amp; fratelli</subfield>
    <subfield code="3">IT\ICCU\CNCT\001827</subfield>
    <subfield code="4">650</subfield>
  </datafield>
  <datafield tag="790" ind1=" " ind2="1">
    <subfield code="a">Fuchs,</subfield>
    <subfield code="b">Leonhart</subfield>
    <subfield code="3">IT\ICCU\CNCA\022242</subfield>
    <subfield code="z">Fuchs, Leonhard</subfield>
  </datafield>
  <datafield tag="791" ind1="0" ind2="2">
    <subfield code="a">℗Al segno del ℗Pozzo</subfield>
    <subfield code="3">IT\ICCU\CNCT\003058</subfield>
    <subfield code="z">Arrivabene, Andrea</subfield>
  </datafield>
  <datafield tag="791" ind1="0" ind2="0">
    <subfield code="a">Arrivabenus, Andreas</subfield>
    <subfield code="3">IT\ICCU\CNCT\004259</subfield>
    <subfield code="z">Arrivabene, Andrea</subfield>
  </datafield>
  <datafield tag="791" ind1="0" ind2="0">
    <subfield code="a">Rivabenus, Andreas</subfield>
    <subfield code="3">IT\ICCU\CNCT\004260</subfield>
    <subfield code="z">Arrivabene, Andrea</subfield>
  </datafield>
  <datafield tag="801" ind1=" " ind2="3">
    <subfield code="a">IT</subfield>
    <subfield code="b">ICCU</subfield>
    <subfield code="c">20201114</subfield>
  </datafield>
  <datafield tag="899" ind1=" " ind2=" ">
    <subfield code="a">Biblioteca civica F. Calvo. Alessandria</subfield>
    <subfield code="1">AL0002</subfield>
    <subfield code="2">TO0 41</subfield>
  </datafield>
  <datafield tag="899" ind1=" " ind2=" ">
    <subfield code="a">Biblioteca comunale Augusta. Perugia</subfield>
    <subfield code="z">MUTILO</subfield>
    <subfield code="1">PG0109</subfield>
    <subfield code="2">UM1 01</subfield>
  </datafield>
  <datafield tag="899" ind1=" " ind2=" ">
    <subfield code="a">Biblioteca comunale Classense. Ravenna</subfield>
    <subfield code="1">RA0036</subfield>
    <subfield code="2">RAV CL</subfield>
  </datafield>
  <datafield tag="911" ind1=" " ind2=" ">
    <subfield code="a">Sul front.</subfield>
    <subfield code="9">IT\ICCU\CNCM\000556</subfield>
  </datafield>
  <datafield tag="921" ind1=" " ind2=" ">
    <subfield code="a">IT\ICCU\CNCM\000556</subfield>
    <subfield code="b">Uomo trifronte con corona. In cornice.</subfield>
    <subfield code="e">Concordia paruae res crescunt. Sic feliciter omnia</subfield>
    <subfield code="c">V261</subfield>
    <subfield code="c">Z1183</subfield>
    <subfield code="d">Con o senza motto; motto anche in greco</subfield>
    <subfield code="f">CONCORDIAP</subfield>
    <subfield code="f">CORONA</subfield>
    <subfield code="f">TESTE</subfield>
    <subfield code="f">UOMO</subfield>
    <subfield code="g">1542-1593</subfield>
  </datafield>
</record>
</collection>
